<?xml version="1.0" encoding="UTF-8"?><collection xmlns="http://www.loc.gov/MARC21/slim"><record><leader>00397nam--2200133-i-4500</leader><controlfield tag="001">000036376</controlfield><controlfield tag="002">20161230</controlfield><controlfield tag="005">20161230201040</controlfield><controlfield tag="008">060222s1000------------r-----000-0-eng-d</controlfield><datafield ind1=" " ind2=" " tag="080"><subfield code="a">669.822</subfield></datafield><datafield ind1=" " ind2=" " tag="100"><subfield code="a">Porneuf, Alexandre</subfield></datafield><datafield ind1=" " ind2=" " tag="245"><subfield code="a">Preparation du carbure d`uranium a partir du bioxyde, fusion au four a arc et coulee. theses</subfield></datafield><datafield ind1=" " ind2=" " tag="260"><subfield code="a">Paris, La Faculte Des Sciences, 1965, 33p</subfield></datafield><datafield ind1=" " ind2=" " tag="852"><subfield code="a">25366</subfield></datafield></record></collection>